@article{DuffReid:1978,
 author = "{Iain S. Duff and John K. Reid}",
 title = "{An Implementation of Tarjan's Algorithm for the Block Triangularization of a Matrix}",
 journal = "{ACM Transactions on Mathematical Software}",
 volume = {4},
 number = {2},
 year = {1978},
 pages = {137--147},
 publisher = "{ACM Press}",
 address = "{New York, USA}",
}
 
@article{Pantelides:1988,
 author = "Constantinos C. Pantelides",
 title = "{The Consistent Initialization of Differential-Algebraic Systems}",
 journal = "{SIAM Journal on Scientific and Statistical Computing}",
 volume = {9},
 number = {2},
 year = "1988",
 pages = "213--231",
 publisher = "{SIAM}",
}
 
@book{Pierce:2002,
 author = "Benjamin C. Pierce",
 title = "{Types and Programming Languages}",
 publisher = "{The MIT Press}",
 isbn = "0-262-16209-1",
 year = "2002",
}

@techreport{Plotkin:1981,
  author = "Gordon D. Plotkin",
  title = "{A Structural Approach to Operational Semantics}",
  institution = "Department of Computer Science, University of Aarhus",
  year = "1981",
}

 
